{
  "leader": "05496cam a2200709 a 4500",
  "fields": [
    {
      "001": "ocm27815084\\"
    },
    {
      "003": "OCoLC"
    },
    {
      "005": "20221222141047.0"
    },
    {
      "008": "930310s1994\\\\\\\\txuabf\\\\\\b\\\\\\\\001\\0aeng\\\\"
    },
    {
      "010": {
        "ind1": "\\",
        "ind2": "\\",
        "subfields": [
          {
            "a": "   93003607 "
          }
        ]
      }
    },
    {
      "040": {
        "ind1": "\\",
        "ind2": "\\",
        "subfields": [
          {
            "a": "DLC"
          },
          {
            "b": "eng"
          },
          {
            "c": "DLC"
          },
          {
            "d": "TAI"
          },
          {
            "d": "EL{dollar}"
          },
          {
            "d": "BTCTA"
          },
          {
            "d": "YDXCP"
          },
          {
            "d": "BAKER"
          },
          {
            "d": "GZM"
          },
          {
            "d": "CPE"
          },
          {
            "d": "NIALS"
          },
          {
            "d": "UBC"
          },
          {
            "d": "OCLCQ"
          },
          {
            "d": "BDX"
          },
          {
            "d": "SBM"
          },
          {
            "d": "P4I"
          },
          {
            "d": "OCLCF"
          },
          {
            "d": "OCLCO"
          },
          {
            "d": "OCLCQ"
          },
          {
            "d": "OCL"
          },
          {
            "d": "OCLCQ"
          },
          {
            "d": "CSJ"
          },
          {
            "d": "OCLCQ"
          },
          {
            "d": "OCLCO"
          },
          {
            "d": "OCLCA"
          },
          {
            "d": "OCLCQ"
          },
          {
            "d": "OCLCO"
          },
          {
            "d": "AU@"
          },
          {
            "d": "OCLCQ"
          },
          {
            "d": "GZN"
          },
          {
            "d": "OCL"
          },
          {
            "d": "EXG"
          },
          {
            "d": "OCLCO"
          },
          {
            "d": "SOU"
          },
          {
            "d": "TUU"
          },
          {
            "d": "OCLCO"
          }
        ]
      }
    },
    {
      "019": {
        "ind1": "\\",
        "ind2": "\\",
        "subfields": [
          {
            "a": "1022998982"
          },
          {
            "a": "1057943606"
          },
          {
            "a": "1060552405"
          },
          {
            "a": "1066125239"
          },
          {
            "a": "1077853055"
          }
        ]
      }
    },
    {
      "020": {
        "ind1": "\\",
        "ind2": "\\",
        "subfields": [
          {
            "a": "1558850562"
          },
          {
            "q": "(alk. paper)"
          }
        ]
      }
    },
    {
      "020": {
        "ind1": "\\",
        "ind2": "\\",
        "subfields": [
          {
            "a": "9781558850569"
          },
          {
            "q": "(alk. paper)"
          }
        ]
      }
    },
    {
      "035": {
        "ind1": "\\",
        "ind2": "\\",
        "subfields": [
          {
            "a": "(OCoLC)27815084"
          },
          {
            "z": "(OCoLC)1022998982"
          },
          {
            "z": "(OCoLC)1057943606"
          },
          {
            "z": "(OCoLC)1060552405"
          },
          {
            "z": "(OCoLC)1066125239"
          },
          {
            "z": "(OCoLC)1077853055"
          }
        ]
      }
    },
    {
      "043": {
        "ind1": "\\",
        "ind2": "\\",
        "subfields": [
          {
            "a": "n-us---"
          },
          {
            "a": "n-mx---"
          },
          {
            "a": "n-us-tx"
          }
        ]
      }
    },
    {
      "050": {
        "ind1": "0",
        "ind2": "0",
        "subfields": [
          {
            "a": "E184.M5"
          },
          {
            "b": "V53 1994"
          }
        ]
      }
    },
    {
      "082": {
        "ind1": "0",
        "ind2": "0",
        "subfields": [
          {
            "a": "973.0468720092"
          },
          {
            "b": "VIL"
          }
        ]
      }
    },
    {
      "100": {
        "ind1": "1",
        "ind2": "\\",
        "subfields": [
          {
            "a": "Villegas de Magno\u0301n, Leonor."
          }
        ]
      }
    },
    {
      "245": {
        "ind1": "1",
        "ind2": "4",
        "subfields": [
          {
            "a": "The rebel /"
          },
          {
            "c": "Leonor Villegas de Magno\u0301n ; edited and introduced by Clara Lomas."
          }
        ]
      }
    },
    {
      "260": {
        "ind1": "\\",
        "ind2": "\\",
        "subfields": [
          {
            "a": "Houston, Tex. :"
          },
          {
            "b": "Arte Pu\u0301blico Press,"
          },
          {
            "c": "1994."
          }
        ]
      }
    },
    {
      "300": {
        "ind1": "\\",
        "ind2": "\\",
        "subfields": [
          {
            "a": "lvi, 297 pages, 16 unnumbered pages of plates :"
          },
          {
            "b": "illustrations, map ;"
          },
          {
            "c": "22 cm"
          }
        ]
      }
    },
    {
      "336": {
        "ind1": "\\",
        "ind2": "\\",
        "subfields": [
          {
            "a": "text"
          },
          {
            "b": "txt"
          },
          {
            "2": "rdacontent"
          }
        ]
      }
    },
    {
      "337": {
        "ind1": "\\",
        "ind2": "\\",
        "subfields": [
          {
            "a": "unmediated"
          },
          {
            "b": "n"
          },
          {
            "2": "rdamedia"
          }
        ]
      }
    },
    {
      "338": {
        "ind1": "\\",
        "ind2": "\\",
        "subfields": [
          {
            "a": "volume"
          },
          {
            "b": "nc"
          },
          {
            "2": "rdacarrier"
          }
        ]
      }
    },
    {
      "500": {
        "ind1": "\\",
        "ind2": "\\",
        "subfields": [
          {
            "a": "\"Recovering the U.S. Hispanic literary heritage\"--Cover."
          }
        ]
      }
    },
    {
      "500": {
        "ind1": "\\",
        "ind2": "\\",
        "subfields": [
          {
            "a": "Includes index."
          }
        ]
      }
    },
    {
      "520": {
        "ind1": "\\",
        "ind2": "\\",
        "subfields": [
          {
            "a": "The Rebel is the memoir of a revolutionary woman, Leonor Villegas de Magnon (1876-1955), who was a fiery critic of dictator Porfirio Diaz and a conspirator and participant in the Mexican Revolution. Villegas de Magnon rebelled against the ideals of her aristocratic class and against the traditional role of women in her society. In 1910 Villegas moved from Mexico to Laredo, Texas, where she continued supporting the revolution as a member of the Junta Revolucionaria (Revolutionary Council) and as a fiery editorialist in Laredo newspapers. In 1913, she founded La Cruz Blanca (The White Cross) to serve as a corps of nurses for the revolutionary forces active from the border region to Mexico City. Many women like Villegas de Magnon from both sides of the border risked their lives and left their families to support the revolution. Years later, however, when their participation had still been unacknowledged and was running the risk of being forgotten, Villegas de Magnon decided to write her personal account of this history. The Rebel covers the period from 1876 through 1920, documenting the heroic actions of the women. Written in the third person with a romantic fervor, the narrative interweaves autobiography with the story of La Cruz Blanca. Until now Villegas de Magnon's written contributions have remained virtually unrecognized - peripheral to both Mexico and the United States, fragmented by a border. Not only does her work attest to the vitality, strength and involvement of women in sociopolitical concerns, but it also stands as one of the very few written documents that consciously challenges stereotyped misconceptions of Mexican Americans held by both Mexicans and Anglo-Americans."
          }
        ]
      }
    },
    {
      "504": {
        "ind1": "\\",
        "ind2": "\\",
        "subfields": [
          {
            "a": "Includes bibliographical references and index."
          }
        ]
      }
    },
    {
      "505": {
        "ind1": "0",
        "ind2": "\\",
        "subfields": [
          {
            "a": "The Rebel is a girl -- Life at Rancho San Francisco -- \"V\" is for Villegas -- Two hands are burned -- Second marriage for Don Joaqui\u0301n -- Adolpho comes into the Rebel's life -- A blessing for the Rebel -- Revolution across the river -- Laredo and the Constitutionalistas -- The Rebel meets Carranza -- Villa, the people's idol -- \"The girl whom the sergeant adored\" -- The Rebel is concerned -- Supper with the A\u0301ngeles -- The White Cross is nationalized -- Resignation -- War flares again -- Fitful winds of dissension -- The pattern is completed."
          }
        ]
      }
    },
    {
      "600": {
        "ind1": "1",
        "ind2": "0",
        "subfields": [
          {
            "a": "Villegas de Magno\u0301n, Leonor."
          }
        ]
      }
    },
    {
      "650": {
        "ind1": "\\",
        "ind2": "0",
        "subfields": [
          {
            "a": "Mexican American women"
          },
          {
            "v": "Biography."
          }
        ]
      }
    },
    {
      "650": {
        "ind1": "\\",
        "ind2": "0",
        "subfields": [
          {
            "a": "Mexican Americans"
          },
          {
            "v": "Biography."
          }
        ]
      }
    },
    {
      "650": {
        "ind1": "\\",
        "ind2": "0",
        "subfields": [
          {
            "a": "Feminists"
          },
          {
            "z": "United States"
          },
          {
            "v": "Biography."
          }
        ]
      }
    },
    {
      "650": {
        "ind1": "\\",
        "ind2": "0",
        "subfields": [
          {
            "a": "Revolutionaries"
          },
          {
            "z": "Mexico"
          },
          {
            "v": "Biography."
          }
        ]
      }
    },
    {
      "650": {
        "ind1": "\\",
        "ind2": "0",
        "subfields": [
          {
            "a": "Feminists"
          },
          {
            "z": "Mexico"
          },
          {
            "v": "Biography."
          }
        ]
      }
    },
    {
      "651": {
        "ind1": "\\",
        "ind2": "0",
        "subfields": [
          {
            "a": "Mexico"
          },
          {
            "x": "History"
          },
          {
            "y": "Revolution, 1910-1920"
          },
          {
            "v": "Biography."
          }
        ]
      }
    },
    {
      "651": {
        "ind1": "\\",
        "ind2": "0",
        "subfields": [
          {
            "a": "Mexico"
          },
          {
            "x": "History"
          },
          {
            "y": "Revolution, 1910-1920"
          },
          {
            "x": "Women."
          }
        ]
      }
    },
    {
      "650": {
        "ind1": "\\",
        "ind2": "0",
        "subfields": [
          {
            "a": "Women journalists"
          },
          {
            "z": "Texas"
          },
          {
            "z": "Laredo"
          },
          {
            "v": "Biography."
          }
        ]
      }
    },
    {
      "651": {
        "ind1": "\\",
        "ind2": "0",
        "subfields": [
          {
            "a": "Laredo (Tex.)"
          },
          {
            "v": "Biography."
          }
        ]
      }
    },
    {
      "600": {
        "ind1": "1",
        "ind2": "7",
        "subfields": [
          {
            "a": "Villegas de Magno\u0301n, Leonor."
          },
          {
            "2": "fast"
          },
          {
            "0": "(OCoLC)fst00318304"
          }
        ]
      }
    },
    {
      "650": {
        "ind1": "\\",
        "ind2": "7",
        "subfields": [
          {
            "a": "Feminists."
          },
          {
            "2": "fast"
          },
          {
            "0": "(OCoLC)fst00922831"
          }
        ]
      }
    },
    {
      "650": {
        "ind1": "\\",
        "ind2": "7",
        "subfields": [
          {
            "a": "Mexican American women."
          },
          {
            "2": "fast"
          },
          {
            "0": "(OCoLC)fst01019031"
          }
        ]
      }
    },
    {
      "650": {
        "ind1": "\\",
        "ind2": "7",
        "subfields": [
          {
            "a": "Mexican Americans."
          },
          {
            "2": "fast"
          },
          {
            "0": "(OCoLC)fst01019072"
          }
        ]
      }
    },
    {
      "650": {
        "ind1": "\\",
        "ind2": "7",
        "subfields": [
          {
            "a": "Revolutionaries."
          },
          {
            "2": "fast"
          },
          {
            "0": "(OCoLC)fst01096578"
          }
        ]
      }
    },
    {
      "650": {
        "ind1": "\\",
        "ind2": "7",
        "subfields": [
          {
            "a": "Women."
          },
          {
            "2": "fast"
          },
          {
            "0": "(OCoLC)fst01176568"
          }
        ]
      }
    },
    {
      "650": {
        "ind1": "\\",
        "ind2": "7",
        "subfields": [
          {
            "a": "Women journalists."
          },
          {
            "2": "fast"
          },
          {
            "0": "(OCoLC)fst01178072"
          }
        ]
      }
    },
    {
      "651": {
        "ind1": "\\",
        "ind2": "7",
        "subfields": [
          {
            "a": "Mexico."
          },
          {
            "2": "fast"
          },
          {
            "0": "(OCoLC)fst01211700"
          }
        ]
      }
    },
    {
      "651": {
        "ind1": "\\",
        "ind2": "7",
        "subfields": [
          {
            "a": "Texas"
          },
          {
            "z": "Laredo."
          },
          {
            "2": "fast"
          },
          {
            "0": "(OCoLC)fst01217217"
          }
        ]
      }
    },
    {
      "651": {
        "ind1": "\\",
        "ind2": "7",
        "subfields": [
          {
            "a": "United States."
          },
          {
            "2": "fast"
          },
          {
            "0": "(OCoLC)fst01204155"
          }
        ]
      }
    },
    {
      "647": {
        "ind1": "\\",
        "ind2": "7",
        "subfields": [
          {
            "a": "Revolution"
          },
          {
            "c": "(Mexico :"
          },
          {
            "d": "1910-1920)"
          },
          {
            "2": "fast"
          },
          {
            "0": "(OCoLC)fst01354542"
          }
        ]
      }
    },
    {
      "648": {
        "ind1": "\\",
        "ind2": "7",
        "subfields": [
          {
            "a": "1910-1920"
          },
          {
            "2": "fast"
          }
        ]
      }
    },
    {
      "655": {
        "ind1": "\\",
        "ind2": "7",
        "subfields": [
          {
            "a": "Biographies."
          },
          {
            "2": "fast"
          },
          {
            "0": "(OCoLC)fst01919896"
          }
        ]
      }
    },
    {
      "655": {
        "ind1": "\\",
        "ind2": "7",
        "subfields": [
          {
            "a": "History."
          },
          {
            "2": "fast"
          },
          {
            "0": "(OCoLC)fst01411628"
          }
        ]
      }
    },
    {
      "655": {
        "ind1": "\\",
        "ind2": "7",
        "subfields": [
          {
            "a": "Biographies."
          },
          {
            "2": "lcgft"
          }
        ]
      }
    },
    {
      "700": {
        "ind1": "1",
        "ind2": "\\",
        "subfields": [
          {
            "a": "Lomas, Clara."
          }
        ]
      }
    },
    {
      "776": {
        "ind1": "0",
        "ind2": "8",
        "subfields": [
          {
            "i": "Online version:"
          },
          {
            "a": "Villegas de Magno\u0301n, Leonor."
          },
          {
            "t": "Rebel."
          },
          {
            "d": "Houston, Tex. : Arte Pu\u0301blico Press, 1994"
          },
          {
            "w": "(OCoLC)656724075"
          }
        ]
      }
    },
    {
      "830": {
        "ind1": "\\",
        "ind2": "0",
        "subfields": [
          {
            "a": "Recovering the U.S. Hispanic Literary Heritage Project publication."
          }
        ]
      }
    },
    {
      "856": {
        "ind1": "4",
        "ind2": "1",
        "subfields": [
          {
            "3": "Table of contents"
          },
          {
            "u": "http://catdir.loc.gov/catdir/toc/fy0706/93003607.html"
          }
        ]
      }
    },
    {
      "994": {
        "ind1": "\\",
        "ind2": "\\",
        "subfields": [
          {
            "a": "Z0"
          },
          {
            "b": "NYRVC"
          }
        ]
      }
    },
    {
      "948": {
        "ind1": "\\",
        "ind2": "\\",
        "subfields": [
          {
            "h": "NO HOLDINGS IN NYRVC - 382 OTHER HOLDINGS"
          }
        ]
      }
    },
    {
      "999": {
        "ind1": "\\",
        "ind2": "\\",
        "subfields": [
          {
            "a": "00000000018493"
          }
        ]
      }
    }
  ]
}